@misc{evans2018neural,
      title={Can Neural Networks Understand Logical Entailment?}, 
      author={Richard Evans and David Saxton and David Amos and Pushmeet Kohli and Edward Grefenstette},
      year={2018},
      eprint={1802.08535},
      archivePrefix={arXiv},
      primaryClass={cs.NE}
}

@misc{brody2020neural,
    title={Neural Edit Completion},
    author={Shaked Brody and Uri Alon and Eran Yahav},
    year={2020},
    eprint={2005.13209},
    archivePrefix={arXiv},
    primaryClass={cs.PL}
}

@INPROCEEDINGS{6679385,  author={R. {Alur} and R. {Bodik} and G. {Juniwal} and M. M. K. {Martin} and M. {Raghothaman} and S. A. {Seshia} and R. {Singh} and A. {Solar-Lezama} and E. {Torlak} and A. {Udupa}},  booktitle={2013 Formal Methods in Computer-Aided Design},   title={Syntax-guided synthesis},   year={2013},  volume={},  number={},  pages={1-8},}

@article{chenprogram,
  title={Program Synthesis using Deduction-Guided Reinforcement Learning},
  author={Chen, Yanju and Wang, Chenglong and Bastani, Osbert and Dillig, Isil and Feng, Yu}
}

@inproceedings{si2018learning,
  title={Learning loop invariants for program verification},
  author={Si, Xujie and Dai, Hanjun and Raghothaman, Mukund and Naik, Mayur and Song, Le},
  booktitle={Advances in Neural Information Processing Systems},
  pages={7751--7762},
  year={2018}
}

@inproceedings{glorot2019learning,
  title={Learning representations of logical formulae using graph neural networks},
  author={Glorot, Xavier and Anand, Ankit and Aygun, Eser and Mourad, Shibl and Kohli, Pushmeet and Precup, Doina},
  booktitle={Neural Information Processing Systems, Workshop on Graph Representation Learning},
  year={2019}
}

@article{feng2018program,
  title={Program synthesis using conflict-driven learning},
  author={Feng, Yu and Martins, Ruben and Bastani, Osbert and Dillig, Isil},
  journal={ACM SIGPLAN Notices},
  volume={53},
  number={4},
  pages={420--435},
  year={2018},
  publisher={ACM New York, NY, USA}
}

@article{chen2019multi,
  title={Multi-Modal Synthesis of Regular Expressions},
  author={Chen, Qiaochu and Wang, Xinyu and Ye, Xi and Durrett, Greg and Dillig, Isil},
  journal={arXiv preprint arXiv:1908.03316},
  year={2019}
}

@inproceedings{abate2018counterexample,
  title={Counterexample guided inductive synthesis modulo theories},
  author={Abate, Alessandro and David, Cristina and Kesseli, Pascal and Kroening, Daniel and Polgreen, Elizabeth},
  booktitle={International Conference on Computer Aided Verification},
  pages={270--288},
  year={2018},
  organization={Springer}
}

@article{balog2016deepcoder,
  title={Deepcoder: Learning to write programs},
  author={Balog, Matej and Gaunt, Alexander L and Brockschmidt, Marc and Nowozin, Sebastian and Tarlow, Daniel},
  journal={arXiv preprint arXiv:1611.01989},
  year={2016}
}

@misc{devlin2017robustfill,
    title={RobustFill: Neural Program Learning under Noisy I/O},
    author={Jacob Devlin and Jonathan Uesato and Surya Bhupatiraju and Rishabh Singh and Abdel-rahman Mohamed and Pushmeet Kohli},
    year={2017},
    eprint={1703.07469},
    archivePrefix={arXiv},
    primaryClass={cs.AI}
}

@article{nye2019learning,
  title={Learning to infer program sketches},
  author={Nye, Maxwell and Hewitt, Luke and Tenenbaum, Joshua and Solar-Lezama, Armando},
  journal={arXiv preprint arXiv:1902.06349},
  year={2019}
}

@phdthesis{10.5555/1714168,
author = {Solar-Lezama, Armando},
advisor = {Bodik, Rastislav},
title = {Program Synthesis by Sketching},
year = {2008},
isbn = {9781109097450},
publisher = {University of California at Berkeley},
address = {USA}
}
  
@misc{polgreen2020counterexample,
    title={CounterExample Guided Neural Synthesis},
    author={Elizabeth Polgreen and Ralph Abboud and Daniel Kroening},
    year={2020},
    eprint={2001.09245},
    archivePrefix={arXiv},
    primaryClass={cs.LO}
}

@article{wang2019learning,
  title={Learning blended, precise semantic program embeddings},
  author={Wang, K and Su, Zhendong},
  journal={ArXiv, vol. abs/1907.02136},
  year={2019}
}

@article{li2015gated,
  title={Gated graph sequence neural networks},
  author={Li, Yujia and Tarlow, Daniel and Brockschmidt, Marc and Zemel, Richard},
  journal={arXiv preprint arXiv:1511.05493},
  year={2015}
}

@article{chung2014empirical,
  title={Empirical evaluation of gated recurrent neural networks on sequence modeling},
  author={Chung, Junyoung and Gulcehre, Caglar and Cho, KyungHyun and Bengio, Yoshua},
  journal={arXiv preprint arXiv:1412.3555},
  year={2014}
}

@article{cho2014learning,
  title={Learning phrase representations using RNN encoder-decoder for statistical machine translation},
  author={Cho, Kyunghyun and Van Merri{\"e}nboer, Bart and Gulcehre, Caglar and Bahdanau, Dzmitry and Bougares, Fethi and Schwenk, Holger and Bengio, Yoshua},
  journal={arXiv preprint arXiv:1406.1078},
  year={2014}
}

@article{bengio1994learning,
  title={Learning long-term dependencies with gradient descent is difficult},
  author={Bengio, Yoshua and Simard, Patrice and Frasconi, Paolo},
  journal={IEEE transactions on neural networks},
  volume={5},
  number={2},
  pages={157--166},
  year={1994},
  publisher={IEEE}
}

@misc{hochreiter2001gradient,
  title={Gradient flow in recurrent nets: the difficulty of learning long-term dependencies},
  author={Hochreiter, Sepp and Bengio, Yoshua and Frasconi, Paolo and Schmidhuber, J{\"u}rgen and others},
  year={2001},
  publisher={A field guide to dynamical recurrent neural networks. IEEE Press}
}

@article{hochreiter1997long,
  title={Long short-term memory},
  author={Hochreiter, Sepp and Schmidhuber, J{\"u}rgen},
  journal={Neural computation},
  volume={9},
  number={8},
  pages={1735--1780},
  year={1997},
  publisher={MIT Press}
}
